<?xml version="1.0" encoding="utf-8"?>
<record xmlns="http://www.loc.gov/MARC21/slim" xmlns:xsi="http://www.w3.org/2001/XMLSchema-instance" xsi:schemaLocation="http://www.loc.gov/MARC21/slim http://www.loc.gov/standards/marcxml/schema/MARC21slim.xsd">
	<leader>     nam a22     Mi 4500</leader>
	<controlfield tag="001">442147</controlfield>
	<controlfield tag="003">NjP</controlfield>
	<controlfield tag="006">m        d        </controlfield>
	<controlfield tag="007">cr cn |||m|||a</controlfield>
	<controlfield tag="008">210308s1986    ir      ob    000 0 ara d</controlfield>
	<datafield ind1=" " ind2=" " tag="040">
		<subfield code="a">ZYU</subfield>
		<subfield code="b">ara</subfield>
		<subfield code="e">rda</subfield>
		<subfield code="c">ZYU</subfield>
	</datafield>
	<datafield ind1="1" ind2=" " tag="041">
		<subfield code="a">ara</subfield>
		<subfield code="h">per</subfield>
	</datafield>
	<datafield ind1="1" ind2="4" tag="050">
		<subfield code="a">BP173.75</subfield>
		<subfield code="b">.B55 1988</subfield>
	</datafield>
	<datafield ind1="1" ind2=" " tag="100">
		<subfield code="a">Bihishtī, Muḥammad,</subfield>
		<subfield code="d">1928-1981.</subfield>
	</datafield>
	<datafield ind1="1" ind2="0" tag="240">
		<subfield code="a">Iqtiṣād-i Islāmī.</subfield>
		<subfield code="l">Arabic</subfield>
	</datafield>
	<datafield ind1="1" ind2="3" tag="245">
		<subfield code="a">al-Iqtiṣ̄ad al-Islāmī /</subfield>
		<subfield code="c">taʼlīf Muḥammad Ḥusayn Bihishtī ; tarjamat ʻAbd al-Karīm Maḥmūd.</subfield>
	</datafield>
	<datafield ind1=" " ind2=" " tag="250">
		<subfield code="a">al-Ṭabʻah 1.</subfield>
	</datafield>
	<datafield ind1=" " ind2=" " tag="260">
		<subfield code="a">Ṭihrān :</subfield>
		<subfield code="b">Muʻāwanīyat al-Riʼāsah lil-ʻAlāqāt al-Dawlīyah fī Munaẓẓamat al-Iʻlām al-Islāmī,</subfield>
		<subfield code="c">1986.</subfield>
	</datafield>
	<datafield ind1=" " ind2=" " tag="300">
		<subfield code="a">online resource (131 pages)</subfield>
	</datafield>
	<datafield ind1=" " ind2=" " tag="336">
		<subfield code="a">text</subfield>
		<subfield code="2">rdacontent</subfield>
	</datafield>
	<datafield ind1=" " ind2=" " tag="337">
		<subfield code="a">computer</subfield>
		<subfield code="2">rdamedia</subfield>
	</datafield>
	<datafield ind1=" " ind2=" " tag="338">
		<subfield code="a">online resource</subfield>
		<subfield code="2">rdacarrier</subfield>
	</datafield>
	<datafield ind1=" " ind2=" " tag="500">
		<subfield code="a">Translation of: Iqtiṣād-i Islāmī.</subfield>
	</datafield>
	<datafield ind1=" " ind2=" " tag="500">
		<subfield code="a">Part of the Arabic Collections Online (ACO) project, contributed by Princeton University Libraries.</subfield>
	</datafield>
	<datafield ind1=" " ind2=" " tag="504">
		<subfield code="a">Includes bibliographical references (page 131).</subfield>
	</datafield>
	<datafield ind1=" " ind2=" " tag="533">
		<subfield code="a">Electronic reproduction.</subfield>
		<subfield code="b">New York, N.Y. :</subfield>
		<subfield code="c">New York University,</subfield>
		<subfield code="d">2021.</subfield>
		<subfield code="5">NNU</subfield>
	</datafield>
	<datafield ind1=" " ind2="0" tag="650">
		<subfield code="a">Economics</subfield>
		<subfield code="x">Religious aspects</subfield>
		<subfield code="x">Islam.</subfield>
	</datafield>
	<datafield ind1=" " ind2="0" tag="650">
		<subfield code="a">Islam</subfield>
		<subfield code="x">Economic aspects.</subfield>
	</datafield>
	<datafield ind1=" " ind2="7" tag="650">
		<subfield code="a">Economics</subfield>
		<subfield code="x">Religious aspects</subfield>
		<subfield code="x">Islam.</subfield>
		<subfield code="2">fast</subfield>
		<subfield code="0">(OCoLC)fst00902190</subfield>
	</datafield>
	<datafield ind1=" " ind2="7" tag="650">
		<subfield code="a">Islam</subfield>
		<subfield code="x">Economic aspects.</subfield>
		<subfield code="2">fast</subfield>
		<subfield code="0">(OCoLC)fst00979791</subfield>
	</datafield>
	<datafield ind1=" " ind2="7" tag="650">
		<subfield code="a">Wirtschaft</subfield>
		<subfield code="2">gnd</subfield>
		<subfield code="0">(DE-588)4066399-1</subfield>
	</datafield>
	<datafield ind1=" " ind2="7" tag="650">
		<subfield code="a">Islam</subfield>
		<subfield code="2">gnd</subfield>
		<subfield code="0">(DE-588)4027743-4</subfield>
	</datafield>
	<datafield ind1="2" ind2=" " tag="710">
		<subfield code="a">Princeton University.</subfield>
		<subfield code="b">Library.</subfield>
	</datafield>
	<datafield ind1="0" ind2=" " tag="730">
		<subfield code="a">Arabic Collections Online.</subfield>
	</datafield>
	<datafield ind1="0" ind2="8" tag="776">
		<subfield code="i">Print version:</subfield>
		<subfield code="a">Bihishtī, Muḥammad, 1928-1981.</subfield>
		<subfield code="t">al-Iqtiṣ̄ad al-Islāmī</subfield>
		<subfield code="w">(NjP)442147</subfield>
		<subfield code="w">(OCoLC)28302547</subfield>
	</datafield>
	<datafield ind1="4" ind2="0" tag="856">
		<subfield code="u">http://hdl.handle.net/2333.1/9w0vtfj7</subfield>
	</datafield>
	<datafield ind1=" " ind2=" " tag="959">
		<subfield code="a">NNU</subfield>
		<subfield code="b">WEB</subfield>
		<subfield code="c">GENI</subfield>
		<subfield code="t">0</subfield>
		<subfield code="m">Electronic access</subfield>
		<subfield code="s">01</subfield>
	</datafield>
	<datafield ind1=" " ind2=" " tag="999">
		<subfield code="i">NjP_442147</subfield>
		<subfield code="o">(OCoLC)ocm28302547 </subfield>
		<subfield code="s">princeton_aco003245</subfield>
		<subfield code="e">(ERROR-880)</subfield>
	</datafield>
</record>
